@misc{iter_presentation_qualified_analysis,
    author={S. {McIntosh} and K. {Cave-Ayland} and A. {Holmes} and S. {Zheng} and B. {Merrill} and C. {Jong} and N. {Mitchell} and K. {Hamada}}, 
    title={Qualified Analysis of Unmitigated Quench Integrated ANSYS Modelling},
    howpublished={presented at CERN},
    month={April},
    year={2017},
}

@book{lhcmachineevans,
    title={LHC Machine},
    author={L. {Evans}, P. {Bryant}},
    publisher={Institute of Physics Publishing and SISSA},
    month={August},
    year={2008}
}

@book{evans_marvel_of_technology,
  author    = {Lyndon {Evans}}, 
  title     = {The Large Hadron Collider: a marvel of technology},
  publisher = {EPFL Press},
  year      = 2018,
  edition   = 2,
  isbn      = {978-2-88915-282-7}
}

@presentation{botturaacceleratorschool,
    title={Introduction to Accelerator Physics; Superconducting Magnets},
    author={L. {Bottura}},
    month={September},
    year={2014}
}

@presentation{ferracingeneralslides,
    title={Design of Superconducting magnets for particle accelerators and detectors},
    author={P. {Ferracin}},
    year={2017}
}

@report{hllhccorrectorquenchstudyreport,
    title={Quench Protection study for the High Order Superconducting Magnets on the HL-LHC program},
    author={S. {Mariotto}},
    year={2018},
    school={INFN},
    month={July}
}

@phdthesis{salmiquenchheateroptimization,
    title = {Optimization of Quench Protection Heater Performance in High-Field Accelerator Magnets Through Computational and Experimental Analysis},
    author={T. {Salmi}}, 
    school = {Tampere University of Technology},
    year= {2015},
}

@book{wilson1987superconducting,
    title={Superconducting Magnets},
    author={M.N. {Wilson}},
    isbn={9780198548102},
    lccn={82018869},
    series={Monographs on Cryogenics},
    year={1987},
    publisher={Clarendon Press}
}

@techreport{hl_lhc_tech_design_report_v01,
    author={G. {Apollinari}, I. {Bejar Alonso}, O. {Bruning}, P. {Fessia}, M. {Lamont}, L. {Rossi}, L. {Tavian}},
    title={High-Luminosity Large Hadron Collider Technical Design Report V.0.1},
    institution={CERN},
    year={2017},
    month={April},
    note={High-Order Correctors}
}

@misc{marco_prioli_mails,
author={Marco {Prioli}},
title={private correspondence},
year={2019},
}

@misc{samuele_mariotto_mails,
author={Samuele {Mariotto}},
title={private correspondence},
month={August},
year={2019}
}

@techreport{material_properties_roxie,
    author={G. {Manfreda}},
    title={Review of \textsc{ROXIE's} aterial Properties Database for Quench Simulation},
    institution={CERN},
    year={2018},
    month={March},
}

@manual{cudi_manual,
    title={ \textsc{CUDI} manual},
    author={A. {Verweij}},
    organization={CERN},
    year={2007}
}

@article{iter_fault_case_study, 
    author={K. {Hamada} and N. {Mitchell} and A. {Foussat} and S. {McIntosh} and A. {Holmes} and K. {Cave-Ayland} and A. {Ash} and F. {Domptail} and S. {Zheng} and E. {Surrey} and N. {Taylor}}, 
    journal={IEEE Transactions on Applied Superconductivity}, 
    title={Analysis of ITER Magnet in Safety-Related Fault Conditionâ€”Case Study for PF3}, 
    year={2016}, 
    volume={26}, 
    number={4}, 
    pages={1-5}, 
    keywords={arcs (electric);safety;solenoids;superconducting magnets;PF coil;vacuum vessel;thermal analyses;thermal behavior;electrical behavior;arcing;ANSYS 3-D model;circuit simulator;plasma operation;poloidal field-central solenoid system;toroidal field system;ITER magnet system;PF3;safety-related fault condition;ITER magnet analysis;Superconducting magnets;Circuit faults;Safety;Magnetomechanical effects;Toroidal magnetic fields;Integrated circuit modeling;Finite element analysis;Cryogenics;Superconducting coils;Electrical safety;Fusion reactors;Cryogenics;electrical safety;fusion reactors;superconducting coils}, 
    doi={10.1109/TASC.2016.2540524}, 
    ISSN={1051-8223}, 
    month={June},
}

@phdthesis{MIT_phd_thesis,
  author={A. {Shaji}}, 
  title={Theory and Modelling of Quench in Cable-In-Conduit Superconducting Magnets},
  school={Plasma Fusion Center Massachusetts Institute of Technology Cambridge},
  year={1994},
  month={April},
}

@mastersthesis{paudel_thesis,
  author       = {Deepak Paudel}, 
  title        = {Quench Simulation of Superconducting Magnets with Commercial Multi-Physics Software},
  school       = {Department of Applied Mechanics of Aalto University School of Engineering},
  year         = {2015},
  month        = {June},
  note         = {page 68}
}